

@INPROCEEDINGS{8629137, 
	author={S. {Hameed} and I. {Amin}}, 
	booktitle={2018 IEEE 5th International Conference on Engineering Technologies and Applied Sciences (ICETAS)}, 
	title={Detection of Weed and Wheat Using Image Processing}, 
	year={2018}, 
	volume={}, 
	number={}, 
	pages={1-5},  
	doi={10.1109/ICETAS.2018.8629137}, 
	ISSN={}, 
	month={Nov},}

@INPROCEEDINGS{7567333, 
	author={J. P. {Shah} and H. B. {Prajapati} and V. K. {Dabhi}}, 
	booktitle={2016 IEEE International Conference on Current Trends in Advanced Computing (ICCTAC)}, 
	title={A survey on detection and classification of rice plant diseases}, 
	year={2016}, 
	volume={}, 
	number={}, 
	pages={1-8}, 
	doi={10.1109/ICCTAC.2016.7567333}, 
	ISSN={}, 
	month={March},}

@INPROCEEDINGS{8695451, 
	author={Y. {Liu}}, 
	booktitle={2018 11th International Symposium on Computational Intelligence and Design (ISCID)}, 
	title={An Improved Faster R-CNN for Object Detection}, 
	year={2018}, 
	volume={02}, 
	number={}, 
	pages={119-123}, 
	doi={10.1109/ISCID.2018.10128}, 
	ISSN={2473-3547}, 
	month={Dec},}

@ARTICLE{7485869, 
	author={S. {Ren} and K. {He} and R. {Girshick} and J. {Sun}}, 
	journal={IEEE Transactions on Pattern Analysis and Machine Intelligence}, 
	title={Faster R-CNN: Towards Real-Time Object Detection with Region Proposal Networks}, 
	year={2017}, 
	volume={39}, 
	number={6}, 
	pages={1137-1149}, 
	doi={10.1109/TPAMI.2016.2577031}, 
	ISSN={0162-8828}, 
	month={June},}

@INPROCEEDINGS{NIPS2015_5638,
	title = {Faster R-CNN: Towards Real-Time Object Detection with Region Proposal Networks},
	author = {Ren, Shaoqing and He, Kaiming and Girshick, Ross and Sun, Jian},
	booktitle = {Advances in Neural Information Processing Systems 28},
	editor = {C. Cortes and N. D. Lawrence and D. D. Lee and M. Sugiyama and R. Garnett},
	pages = {91--99},
	year = {2015},
	publisher = {Curran Associates, Inc.},
	url = {http://papers.nips.cc/paper/5638-faster-r-cnn-towards-real-time-object-detection-with-region-proposal-networks.pdf}
}

@INPROCEEDINGS{7743317, 
	author={O. {Barrero} and D. {Rojas} and C. {Gonzalez} and S. {Perdomo}}, 
	booktitle={2016 XXI Symposium on Signal Processing, Images and Artificial Vision (STSIVA)}, 
	title={Weed detection in rice fields using aerial images and neural networks}, 
	year={2016}, 
	volume={}, 
	number={}, 
	pages={1-4}, 
	ISSN={2329-6259}, 
	month={Aug}
}

@INPROCEEDINGS{8623234, 
	author={H. {Chu} and D. {Zhang} and Y. {Shao} and Z. {Chang} and Y. {Guo} and N. {Zhang}}, 
	booktitle={2018 Chinese Automation Congress (CAC)}, 
	title={Using HOG Descriptors and UAV for Crop Pest Monitoring}, 
	year={2018}, 
	volume={}, 
	number={}, 
	pages={1516-1519}, 
	ISSN={}, 
	month={Nov},}

@INPROCEEDINGS{8453426, 
	author={A. M. {de Oca} and L. {Arreola} and A. {Flores} and J. {Sanchez} and G. {Flores}}, 
	booktitle={2018 International Conference on Unmanned Aircraft Systems (ICUAS)}, 
	title={Low-cost multispectral imaging system for crop monitoring}, 
	year={2018}, 
	volume={}, 
	number={}, 
	pages={443-451},  
	ISSN={2575-7296}, 
	month={June},}

@INPROCEEDINGS{8301662, 
	author={A. K. {Saha} and J. {Saha} and R. {Ray} and S. {Sircar} and S. {Dutta} and S. P. {Chattopadhyay} and H. N. {Saha}}, 
	booktitle={2018 IEEE 8th Annual Computing and Communication Workshop and Conference (CCWC)}, 
	title={IOT-based drone for improvement of crop quality in agricultural field}, 
	year={2018}, 
	volume={}, 
	number={}, 
	pages={612-615},  
	doi={10.1109/CCWC.2018.8301662}, 
	ISSN={}, 
	month={Jan},}

 @manual{1234,
	title  = "Rice Knowledge Bank",
	url    = "http://www.knowledgebank.irri.org/step-by-step-production/growth/pests-and-diseases/insects",
	year   = "accessed June 10, 2019"
}

@manual{12345,
	title  = "Figshare",
	url    = "https://figshare.com/articles/rice_seedlings_and_weeds/7488830",
	year   = "accessed June 15, 2019"
}
@manual{123456,
	title  = "Convolutional Neural Networks",
	author="Stanford University",
	url    = "http://cs231n.github.io/convolutional-networks/",
	year   = "accessed June 30, 2019"
}